@book{RLBook,
		author    = {Sutton, Richard S. and Barto, Andrew G.},
		title     = "Reinforcement Learning: An Introduction",
		publisher = "MIT Press",
		year      = "2020",
		note = "[Segunda edición]"
}

@book{LibroRedes,
		author    = "Tanenbaum, Andrew S",
		title     = "Computer Networks",
		publisher = "Pearson",
		year      = "1981",
		note = "[Cuarta edición]"
}

@misc{DeepMind,
       author = "David Silver",
       title = "Introduction to Reinforcement Learning. Lecture 2: Markov Decision Processes",
	   publisher = "DeepMind and UCL",
       year = "2015",
       howpublished = "\url{https://www.deepmind.com/learning-resources/introduction-to-reinforcement-learning-with-david-silver}",
       note = "[Lecture]"
}

@article{AtariDRL,
  title={Playing Atari with Deep Reinforcement Learning},
  author={Mnih, Volodymyr and Kavukcuoglu, Koray and Silver, David and Graves, Alex and Antonoglou, Ioannis and Wierstra, Daan and Riedmiller, Martin},
  journal={arXiv preprint arXiv:1312.5602},
  year={2013},
  note="[presentado en NIPS Deep Learning Workshop]"
}

@article{Articulo1,
  title={Malware detection and prevention using artificial intelligence techniques},
  author={Faruk, Md Jobair Hossain and Shahriar, Hossain and Valero, Maria and Barsha, Farhat Lamia and Sobhan, Shahriar and Khan, Md Abdullah and Whitman, Michael and Cuzzocrea, Alfredo and Lo, Dan and Rahman, Akond and others},
  journal={2021 IEEE International Conference on Big Data (Big Data)},
  pages={5369--5377},
  year={2021},
  publisher={IEEE}
}

@article{Articulo2,
  title={Impact of network structure on malware propagation: A growth curve perspective},
  author={Guo, Hong and Cheng, Hsing Kenneth and Kelley, Ken},
  journal={Journal of Management Information Systems},
  volume={33},
  number={1},
  pages={296--325},
  year={2016},
  publisher={Taylor \& Francis}
}

@article{Articulo3,
  title={Reinforcement learning based stochastic shortest path finding in wireless sensor networks},
  author={Xia, Wenwen and Di, Chong and Guo, Haonan and Li, Shenghong},
  journal={IEEE Access},
  volume={7},
  pages={157807--157817},
  year={2019},
  publisher={IEEE}
}

@article{Articulo4,
  title={Advanced malware propagation on random complex networks},
  author={del Rey, A Mart{\'\i}n and Hern{\'a}ndez, Guillermo and Tabernero, A Bustos and Dios, A Queiruga},
  journal={Neurocomputing},
  volume={423},
  pages={689--696},
  year={2021},
  publisher={Elsevier}
}

@misc{ Scrum,
       author = "Scrum.org",
       title = "What is Scrum?",
       howpublished = "\url{https://www.scrum.org/resources/what-is-scrum}",
       note = "[Internet]"
}

@misc{ Github,
       author = "GitHub Inc.",
       title = "GitHub",
       howpublished = "\url{https://github.com/}",
       note = "[Internet]"
}

@misc{ Zenhub,
       author = "ZenHub",
       title = "Productivity management for Software teams",
       howpublished = "\url{https://www.zenhub.com/}",
       note = "[Internet]"
}


@misc{ Codacy,
       author = "Codacy",
       title = "The DevOps Intelligence Platform",
       howpublished = "\url{https://www.codacy.com/}",
       note = "[Internet]"
}

@misc{ CodeClimate,
       author = "Code Climate",
       title = "Quality",
       howpublished = "\url{https://codeclimate.com/quality/}",
       note = "[Internet]"
}

@misc{ Python,
       author = "Python",
       title = "Welcome to Python.org",
       howpublished = "\url{https://www.python.org/}",
       note = "[Internet]"
}

@misc{ Random,
       author = "Python",
       title = "random - Generate pseudo-random numbers",
       howpublished = "\url{https://docs.python.org/3/library/random.html}",
       note = "[Internet]"
}

@misc{ Numpy,
       author = "NumPy",
       title = "NumPy",
       howpublished = "\url{https://numpy.org/}",
       note = "[Internet]"
}

@misc{ Matplotlib,
       author = "Matplotlib",
       title = "Visualization with Python",
       howpublished = "\url{https://matplotlib.org/}",
       note = "[Internet]"
}

@misc{ NetworkX,
       author = "NetworkX",
       title = "Network analysis in Python",
       howpublished = "\url{https://networkx.org/}",
       note = "[Internet]"
}

@misc{ Flask,
       author = "Flask",
       title = "Welcome to Flask",
       howpublished = "\url{https://flask.palletsprojects.com/en/2.2.x/}",
       note = "[Internet]"
}

@misc{ Unittest,
       author = "Python",
       title = "Unittest - Unit testing framework",
       howpublished = "\url{https://docs.python.org/3/library/unittest.html}",
       note = "[Internet]"
}


@misc{ Docker,
       author = "Docker Inc.",
       title = "Docker",
       howpublished = "\url{https://www.docker.com/}",
       note = "[Internet]"
}

@misc{ VSC,
       author = "Microsoft",
       title = "Visual Studio Code",
       howpublished = "\url{https://code.visualstudio.com/}",
       note = "[Internet]"
}

@misc{ Jupyter,
       author = "Jupyter",
       title = "Project Jupyter",
       howpublished = "\url{https://jupyter.org/}",
       note = "[Internet]"
}

@misc{ Colab,
       author = "Google",
       title = "Google Colab",
       howpublished = "\url{https://colab.research.google.com/}",
       note = "[Internet]"
}

@misc{ Spyder,
       author = "Spyder",
       title = "Spyder IDE",
       howpublished = "\url{https://www.spyder-ide.org/}",
       note = "[Internet]"
}

@misc{ Latex,
       author = "The LaTeX Project",
       title = "LaTeX – A document preparation system",
       howpublished = "\url{https://www.latex-project.org/}",
       note = "[Internet]"
}

@misc{ Overleaf,
       author = "Overleaf",
       title = "Online LaTeX Editor",
       howpublished = "\url{https://www.overleaf.com/}",
       note = "[Internet]"
}

@misc{ topologiasRed,
   author = "Wikimedia Commons",
   title = "File:Topología de red.png --- Wikimedia Commons{,} the free media repository",
   year = "2021",
  howpublished = "\url{https://commons.wikimedia.org/w/index.php?title=File:Topolog%C3%ADa_de_red.png&oldid=544565082}",
   note = "[Internet]"
 }