
@misc{ jcyl:irpf,
       author = "Junta de Castilla y León",
       title = "Impuesto sobre la Renta de las Personas Físicas --- Información básica, mínimo personal y familiar, tarifa autonómica y deducciones aplicables en la Comunidad Autónoma de Castilla y León",
       year = "2021",
       howpublished = "\url{https://tributos.jcyl.es/web/es/informacion-tributaria/informacion-basica-deducciones-aplicables.html}",
       note = "[Internet]"
}

@misc{ seg-social:cotizacion,
       author = "Seguridad Social",
       title = "Bases y tipos de cotización 2022",
       year = "2022",
       howpublished = "\url{https://www.seg-social.es/wps/portal/wss/internet/Trabajadores/CotizacionRecaudacionTrabajadores/36537}",
       note = "[Internet]"
}

@misc{ docker:install,
       author = "Docker",
       title = "Installation Guide",
       howpublished = "\url{https://docs.docker.com/engine/install/}",
       note = "[Internet]"
}

@misc{ python:install,
       author = "Python.org",
       title = "Download Python",
       howpublished = "\url{https://www.python.org/downloads/}",
       note = "[Internet]"
}

@misc{ licenses:Flask,
       author = "Flask",
       title = "License",
       howpublished = "\url{https://flask.palletsprojects.com/en/2.0.x/license/}",
       note = "[Internet, license for versions 2.0.x]"
}

@misc{ licenses:Numpy,
       author = "Numpy",
       title = "License",
       howpublished = "\url{https://numpy.org/doc/stable/license.html}",
       note = "[Internet]"
}

@misc{ licenses:NetworkX,
       author = "NetworkX",
       title = "License",
       howpublished = "\url{https://networkx.org/documentation/networkx-2.1/license.html}",
       note = "[Internet]"
}

@misc{ licenses:Matplotlib,
       author = "Matplotlib",
       title = "License",
       howpublished = "\url{https://matplotlib.org/stable/users/project/license.html}",
       note = "[Internet]"
}

@misc{ licenses:Unittest,
       author = "Python",
       title = "Unittest source code",
       howpublished = "\url{https://github.com/python/cpython/blob/3.10/Lib/unittest/__init__.py}",
       note = "[Internet]"
}

@misc{ licenses:Python,
       author = "Python",
       title = "License",
       howpublished = "\url{https://docs.python.org/3/license.html}",
       note = "[Internet]"
}

@misc{ licenses:BSD,
       author = "Open Source Initiative",
       title = "The 3-Clause BSD License",
       howpublished = "\url{https://opensource.org/licenses/BSD-3-Clause}",
       note = "[Internet]"
}

@misc{ licenses:PSF,
       author = "Python Software Foundation",
       title = "History and License",
       howpublished = "\url{https://docs.python.org/3/license.html}",
       note = "[Internet]"
}

@misc{ Scrum,
       author = "Scrum.org",
       title = "What is Scrum?",
       howpublished = "\url{https://www.scrum.org/resources/what-is-scrum}",
       note = "[Internet]"
}

@misc{ Incibe,
       author = "Gobierno de España",
       title = "INCIBE - Instituto Nacional de Ciberseguridad",
       howpublished = "\url{https://www.incibe.es/}",
       note = "[Internet]"
}


@misc{ VSC,
       author = "Microsoft",
       title = "Visual Studio Code",
       howpublished = "\url{https://code.visualstudio.com/}",
       note = "[Internet]"
}

@misc{ Jupyter,
       author = "Jupyter",
       title = "Project Jupyter",
       howpublished = "\url{https://jupyter.org/}",
       note = "[Internet]"
}

@misc{ Colab,
       author = "Google",
       title = "Google Colab",
       howpublished = "\url{https://colab.research.google.com/}",
       note = "[Internet]"
}

@misc{ Spyder,
       author = "Spyder",
       title = "Spyder IDE",
       howpublished = "\url{https://www.spyder-ide.org/}",
       note = "[Internet]"
}

@misc{ Numpy,
       author = "NumPy",
       title = "NumPy",
       howpublished = "\url{https://numpy.org/}",
       note = "[Internet]"
}

@misc{ Matplotlib,
       author = "Matplotlib",
       title = "Visualization with Python",
       howpublished = "\url{https://matplotlib.org/}",
       note = "[Internet]"
}

@misc{ NetworkX,
       author = "NetworkX",
       title = "Network analysis in Python",
       howpublished = "\url{https://networkx.org/}",
       note = "[Internet]"
}

@misc{ Flask,
       author = "Flask",
       title = "Welcome to Flask",
       howpublished = "\url{https://flask.palletsprojects.com/en/2.2.x/}",
       note = "[Internet]"
}